2444 3066
397 195 430 236 6
716 165 816 211 DE
849 162 1142 208 STELLIS
1183 161 1526 211 MARINIs,
1570 159 2069 210 PETREFACTJS.

398 288 761 362 qualicunque
782 304 930 344 certe
943 285 1268 342 animalium
1301 280 1509 353 ordini,
1543 279 1741 337 fosfilia
1770 278 2114 336 ista‘cimelia
2143 283 2356 356 specio-

395 365 595 419 fissime
613 368 958 429 concinnata,
981 360 1045 417 de
1062 358 1260 437 quibus
1273 357 1534 414 hactenus
1552 358 1731 413 sermo
1746 355 1865 425 fuit,
1890 353 2161 412 adcensita
2179 355 2349 416 fuiffe.

395 437 795 495 Luculentibus
830 439 1053 511 insuper
1083 436 1233 492 idem
1262 430 1608 503 testantibUS,
1647 446 1812 507 atque
1848 431 2351 505 impraesentiarum

390 510 740 588 proferendis
777 512 1128 570 documentis
1156 510 1293 571 aliis,

551 643 872 701 Machinam
907 648 1058 700 enim
1089 640 1309 709 horum,
1328 653 1390 696 ut
1410 644 1486 695 ita
1504 637 1684 694 dicam
1707 638 2019 706 animalem,
2037 638 2219 714 palam
2250 637 2345 695 de-

392 720 576 787 clarat,
612 727 810 794 ingens
830 720 917 775 ille
947 734 1228 786 numerus,
1266 714 1632 772 articulorum
1662 715 2079 788 organicorum,
2114 715 2344 788 fingulis

386 799 447 850 in
468 795 711 870 respefiu
750 794 818 850 ad
837 796 988 863 aliOS,
1026 791 1242 849 cunPtis
1268 809 1406 848 vero
1435 794 1587 846 unici
1615 796 1813 856 totius,
1856 786 2140 845 individui
2170 794 2341 845 nimi-

385 888 530 936 rum,
572 871 833 926 omnibus
871 869 1023 926 hisce
1053 884 1320 943 tanquam
1360 862 1636 943 partibus,
1673 862 1916 939 perfecie
1953 867 2337 934 consummati,

385 946 753 1002 constituendi
781 951 971 1020 gratia,
993 948 1047 1000 ὃς
1068 943 1305 999 faffiffi&
1328 949 1387 999 in
1404 942 1560 998 illum
1580 956 1749 1016 quem
1767 937 1940 995 modo
1970 938 2225 996 obtinent
2243 959 2338 996 or-

382 1019 588 1089 dinem,
621 1024 892 1098 fitumque
920 1021 1222 1078 collocatis

536 1143 965 1218 Dispofitionem
987 1157 1174 1199 autem
1196 1137 1263 1195 ad
1280 1152 1499 1195 motum
1523 1137 1838 1205 animalem,
1865 1150 1949 1192 tot
1970 1139 2325 1212 proceffuum

377 1217 902 1294 acetabulorumque
940 1224 994 1274 in
1040 1216 1285 1272 articulis
1327 1216 1655 1271 nostratium
1676 1215 1966 1269 Stellarum
2008 1214 2034 1285 ζ
2048 1231 2181 1289 quas
2221 1214 2332 1273 hoc

376 1299 622 1362 nomine,
659 1293 948 1350 deficiente
979 1294 1103 1361 alm,
1146 1294 1373 1346 interim
1423 1292 1494 1344 fic
1534 1289 1807 1365 appellare
1848 1290 2036 1357 liceat)
2077 1296 2330 1347 eminen-

373 1371 468 1423 tiis
495 1369 879 1443 peculiaribm,
913 1373 967 1425 ὃς
999 1368 1084 1423 his
1127 1364 1457 1437 recipiendis
1491 1365 1708 1420 idoneis
1741 1361 2088 1433 cavitatssbus,
2120 1383 2327 1442 reprae·

371 1443 730 1514 sentatorum,
752 1446 981 1518 insignis
1002 1456 1314 1518 apparatu8‚
1348 1437 1494 1496 haud
1518 1439 1753 1497 obscure
1774 1437 1997 1501 indicat.

528 1599 860 1652 Nervorum
891 1610 1028 1651 vero
1065 1594 1441 1658 moventium,
1467 1595 1524 1647 in
1564 1591 1663 1649 ista
1697 1588 1908 1664 lapidea
1944 1592 2322 1657 animantium

365 1668 692 1726 nostrorum
730 1670 954 1737 fabrica,
990 1665 1136 1722 hand
1171 1664 1309 1721 adeo
1351 1665 1563 1723 solliciti
1607 1662 2036 1727 desiderabimus
2070 1669 2334 1744 vestigia„

363 1745 403 1817 fi
438 1741 609 1800 modo
624 1747 895 1802 canalium
917 1740 1291 1820 quorundam,
1313 1741 1452 1797 stato
1477 1745 1754 1798 &eximio
1778 1740 1991 1809 ordine,
2012 1740 2162 1798 illam
2184 1763 2319 1819 per-

361 1819 707 1890 vadentium,
748 1839 867 1876 eam
888 1838 1056 1896 quam
1083 1816 1240 1873 decet
1275 1821 1651 1886 attentiorem,
1691 1815 1892 1872 habere
1927 1816 2197 1890 placuerit
2228 1839 2316 1884 ra-

361 1898 592 1956 tionem.
667 1895 1027 1970 Perfingulos
1047 1897 1200 1949 enim
1215 1891 1528 1948 eorundem
1559 1891 1745 1948 radios
1774 1908 1929 1966 aeque
1963 1910 2025 1947 ac
2060 1893 2314 1967 caudam,

359 1972 701 2030 transeuntes
732 1970 882 2029 resta
914 1970 1330 2045 conspiciuntur
1365 1971 1456 2024 via
1493 1967 1746 2036 canales,
1791 1971 1955 2022 vacui
2003 1969 2334 2044 quondam„

356 2063 508 2101 nunc
546 2046 844 2120 plurimam
865 2060 1083 2122 partem
1103 2042 1282 2120 lapide
1302 2043 1529 2119 oppleti,
1564 2048 1755 2099 nervis
1771 2042 2074 2100 inserendis
2095 2051 2321 2120 optime

356 2138 747 2195 congruentes,
773 2126 830 2179 ὃς
866 2140 969 2196 pro
992 2121 1214 2176 illorum
1253 2119 1612 2191 receptaculis
1633 2137 1699 2174 eo
1719 2119 2087 2174 verosimilius
2107 2139 2308 2195 agnos-

352 2198 533 2264 cendi,
556 2197 707 2274 quod
748 2203 908 2254 omni
948 2216 1018 2253 ex
1050 2210 1208 2271 parte
1234 2193 1443 2250 dire&e
1472 2196 1659 2251 versus
1702 2199 1959 2249 intimam
2001 2203 2305 2272 pentagoni

350 2271 576 2328 stellaris
593 2272 942 2349 superficiem
961 2272 1211 2339 tendant,
1251 2272 1309 2326 δε
1343 2273 1503 2346 super
1537 2267 1679 2325 hanc
1711 2275 1770 2324 in
1803 2270 2048 2347 quinque
2081 2271 2303 2333 latiores

348 2345 625 2405 fosficulas
662 2349 886 2419 dilatati,
919 2364 1097 2425 prope
1121 2345 1240 2420 ejus
1257 2362 1517 2406 centrum
1533 2345 1690 2401 simul
1719 2361 2071 2407 concurrant.
2126 2380 2131 2390 -<

512 2498 749 2569 Qando
773 2498 999 2574 quidem
1024 2509 1229 2564 autem,
1271 2497 1383 2571 ipsa
1417 2482 1763 2572 aliquantum
1801 2511 2062 2562 concava,
2102 2506 2317 2569 penta-q

348 2577 489 2648 goni
506 2578 724 2633 interna
748 2573 1078 2651 superficieS,
1120 2571 1449 2632 animalculo
1478 2571 1611 2630 illud
1653 2568 1933 2647 lapideum
1964 2568 2294 2654 domicilum

2194 2661 2294 2702 ve·
